<?xml version="1.0" encoding="UTF-8"?><collection xmlns="http://www.loc.gov/MARC21/slim"><record><leader>00368nam--2200121-i-4500</leader><controlfield tag="001">000036340</controlfield><controlfield tag="002">20161230</controlfield><controlfield tag="005">20161230201040</controlfield><controlfield tag="008">060222s1000------------r-----000-0-eng-d</controlfield><datafield ind1=" " ind2=" " tag="100"><subfield code="a">Pirard, A</subfield></datafield><datafield ind1=" " ind2=" " tag="245"><subfield code="a">Sur un procede photoelastique permettant la determimnation des tensions dans les plans succesifs</subfield></datafield><datafield ind1=" " ind2=" " tag="260"><subfield code="a">Liege, H.Vaillant-carmanne, S.A., 1949, 11p</subfield></datafield><datafield ind1=" " ind2=" " tag="852"><subfield code="a">994</subfield></datafield></record></collection>